@Article{zhang2023,
    AUTHOR = {Zhang, Bowen and Liu, Lingfeng},
    TITLE = {Chaos-Based Image Encryption: Review, Application, and Challenges},
    JOURNAL = {Mathematics},
    VOLUME = {11},
    YEAR = {2023},
    NUMBER = {11},
    ARTICLE-NUMBER = {2585},
    URL = {https://www.mdpi.com/2227-7390/11/11/2585},
    ISSN = {2227-7390},
    DOI = {10.3390/math11112585}
}

@INPROCEEDINGS{IEEEMap,
    author={Fridrich, J.},
    booktitle={1997 IEEE International Conference on Systems, Man, and Cybernetics. Computational Cybernetics and Simulation}, 
    title={Image encryption based on chaotic maps}, 
    year={1997},
    volume={2},
    number={},
    pages={1105-1110 vol.2},
    doi={10.1109/ICSMC.1997.638097}
}

@article{catmap,
    author = {Turan, M. and Gökçay, E. and Tora, H.},
    title = {An unrestricted Arnold’s cat map transformation},
    journal = {Multimed Tools Appl},
    volume = {83},
    pages= {70921–70935},
    year = {2024},
    month = {February},
    doi = {https://doi.org/10.1007/s11042-024-18411-9}
}
